
% Unsorted 

@article{smith1974fast,
  title={Fast-fourier-transform spectral-analysis techniques as a plasma fluctuation diagnostic tool},
  author={Smith, DE and Powers, EJ and Caldwell, GS},
  journal={IEEE Transactions on Plasma Science},
  volume={2},
  number={4},
  pages={261--272},
  year={1974},
  publisher={IEEE}
}

@article{menard2011prospects,
  title={Prospects for pilot plants based on the tokamak, spherical tokamak and stellarator},
  author={Menard, JE and Bromberg, L and Brown, T and Burgess, T and Dix, D and El-Guebaly, L and Gerrity, T and Goldston, Robert James and Hawryluk, RJ and Kastner, R and others},
  journal={Nuclear Fusion},
  volume={51},
  number={10},
  pages={103014},
  year={2011},
  publisher={IOP Publishing}
}


@article{wang2021electron,
  title={Electron temperature fluctuations correlated with energy confinement degradation in the EAST Ohmic plasmas},
  author={Wang, RL and Liu, Y and Zou, XL and Zhao, HL and Zhou, TF and Zhou, C and Liu, AD and Li, YD and Sun, PJ and Zhang, T and others},
  journal={Physics of Plasmas},
  volume={28},
  number={7},
  year={2021},
  publisher={AIP Publishing}
}

@inproceedings{bielajew2023electron,
  title={Electron temperature fluctuation measurements with Correlation Electron Cyclotron Emission in L-mode and I-mode plasmas at ASDEX Upgrade},
  author={Bielajew, Rachel and Conway, Garrard D and Happel, Tim and H{\"o}fler, Klara and Cabrera, Pedro A Molina and Plank, Ulrike and Rodriguez-Fernandez, Pablo and Silvagni, Davide and Vanovac, Branka and Yoo, Christian and others},
  booktitle={EPJ Web of Conferences},
  volume={277},
  pages={03002},
  year={2023},
  organization={EDP Sciences}
}


@inproceedings{weir2019development,
  title={Development of a correlation ECE radiometer for electron temperature fluctuation measurements in Heliotron J},
  author={Weir, Gavin M and Nagasaki, Kazunobu and Zhu, Jinxiang and Luo, Maoyuan and Okada, Hiroyuki and Minami, Takashi and Kado, Shinichiro and Kobayashi, Shinji and Yamamoto, Satoshi and Ohshima, Shinsuke and others},
  booktitle={EPJ Web of Conferences},
  volume={203},
  pages={03013},
  year={2019},
  organization={EDP Sciences}
}


@article{fontana2017correlation,
  title={Correlation electron cyclotron emission diagnostic in TCV},
  author={Fontana, M and Porte, L and Molina Cabrera, P},
  journal={Review of Scientific Instruments},
  volume={88},
  number={8},
  year={2017},
  publisher={AIP Publishing}
}

@article{zhu2021system,
  title={System-on-chip upgrade of millimeter-wave imaging diagnostics for fusion plasma},
  author={Zhu, Y and Yu, J-H and Yu, G and Ye, Y and Chen, Y and Tobias, B and Diallo, A and Kramer, G and Ren, Y and Tang, W and others},
  journal={Review of Scientific Instruments},
  volume={92},
  number={5},
  year={2021},
  publisher={AIP Publishing}
}

@article{freethy2016measurement,
  title={Measurement of turbulent electron temperature fluctuations on the ASDEX Upgrade tokamak using correlated electron cyclotron emission},
  author={Freethy, SJ and Conway, GD and Classen, I and Creely, AJ and Happel, T and K{\"o}hn, A and Vanovac, B and White, AE},
  journal={Review of Scientific Instruments},
  volume={87},
  number={11},
  year={2016},
  publisher={AIP Publishing}
}

@article{yang2021observation,
  title={Observation of the electron thermal transport and temperature fluctuations for electron cyclotron resonance heated plasmas on J-TEXT},
  author={Yang, Zhoujun and Zhang, Yaping and Ren, Xiehang and Li, Feng and Xu, Xin and Yan, Wei and Zhang, Xiaoyi and Xia, Donghui and Zhang, Zhichao and Gao, Yuan and others},
  journal={Nuclear Fusion},
  volume={61},
  number={8},
  pages={086005},
  year={2021},
  publisher={IOP Publishing}
}

@article{white2014reduction,
  title={Reduction of core turbulence in I-mode plasmas in Alcator C-Mod},
  author={White, AE and Barnes, M and Dominguez, A and Greenwald, M and Howard, NT and Hubbard, AE and Hughes, JW and Mikkelsen, DR and Parra, FI and Reinke, ML and others},
  journal={Nuclear Fusion},
  volume={54},
  number={8},
  pages={083019},
  year={2014},
  publisher={IOP Publishing}
}


@article{white2011electron,
  title={Electron temperature fluctuations associated with the weakly coherent mode in the edge of I-mode plasmas},
  author={White, AE and Phillips, P and Whyte, DG and Hubbard, AE and Sung, Choongki and Hughes, JW and Dominguez, A and Terry, J and Cziegler, I},
  journal={Nuclear Fusion},
  volume={51},
  number={11},
  pages={113005},
  year={2011},
  publisher={IOP Publishing}
}


@article{udintsev2006first,
  title={First results of correlation electron cyclotron emission on Tore Supra},
  author={Udintsev, VS and Goniche, M and Segui, JL and Giruzzi, G and Molina, D and Turco, F and Huysmans, GTA and Maget, P and Team, Tore Supra and Kr{\"a}mer-Flecken, A},
  journal={Fusion science and technology},
  volume={50},
  number={4},
  pages={508--520},
  year={2006},
  publisher={Taylor \& Francis}
}


@article{white2008measurements,
  title={Measurements of core electron temperature and density fluctuations in DIII-D and comparison to nonlinear gyrokinetic simulations},
  author={White, AE and Schmitz, L and McKee, GR and Holland, C and Peebles, WA and Carter, TA and Shafer, MW and Austin, ME and Burrell, KH and Candy, J and others},
  journal={Physics of Plasmas},
  volume={15},
  number={5},
  year={2008},
  publisher={AIP Publishing}
}


@article{watts2007review,
  title={A review of ECE correlation radiometry techniques for detection of core electron temperature fluctuations},
  author={Watts, Christopher},
  journal={Fusion Science and Technology},
  volume={52},
  number={2},
  pages={176--192},
  year={2007},
  publisher={Taylor \& Francis}
}


@article{watts2004comparison,
  title={Comparison of different methods of electron cyclotron emission-correlation radiometry for the measurement of temperature fluctuations in the plasma core},
  author={Watts, Christopher and Hartfuss, HJ and H{\"a}se, M},
  journal={Review of Scientific Instruments},
  volume={75},
  number={10},
  pages={3177--3184},
  year={2004},
  publisher={American Institute of Physics}
}


@article{heinzel2002spectrum,
  title={Spectrum and spectral density estimation by the Discrete Fourier transform (DFT), including a comprehensive list of window functions and some new at-top windows},
  author={Heinzel, Gerhard and R{\"u}diger, Albrecht and Schilling, Roland},
  year={2002}
}

@article{gmw_internal,
  title={Derivation of Correlation Radiometry Models},
  author={Weir, GM},
  journal={W7-X Internal Document},
  volume={1-QMF0-T0002.0},
  year={2023},
}

@article{welch1967use,
  title={The use of fast Fourier transform for the estimation of power spectra: A method based on time averaging over short, modified periodograms},
  author={Welch, Peter},
  journal={IEEE Transactions on audio and electroacoustics},
  volume={15},
  number={2},
  pages={70--73},
  year={1967},
  publisher={IEEE}
}

@article{marushchenko2007ray,
  title={Ray tracing simulations of ECR heating and ECE diagnostic at W7-X stellarator},
  author={Marushchenko, Nikolai B and Erckmann, Volker and Hartfuss, Hans J and Hirsch, Mattias and Laqua, Heinrich P and Maassberg, Henning and Turkin, Yuri},
  journal={Plasma and Fusion Research},
  volume={2},
  pages={S1129--S1129},
  year={2007},
  publisher={The Japan Society of Plasma Science and Nuclear Fusion Research}
}


@article{idei1994electron,
  title={Electron cyclotron emission from optically thin plasma in compact helical system},
  author={Idei, Hiroshi Idei Hiroshi and Kubo, Shin Kubo Shin and Hosokawa, Minoru Hosokawa Minoru and Iguchi, Harukazu Iguchi Harukazu and Ohkubo, Kunizo Ohkubo Kunizo and Sato, Teruyuki Sato Teruyuki},
  journal={Japanese journal of applied physics},
  volume={33},
  number={3R},
  pages={1543},
  year={1994},
  publisher={IOP Publishing}
}

@article{deng2009energetic,
  title={Energetic-electron-driven instability in the helically symmetric experiment},
  author={Deng, CB and Brower, DL and Breizman, BN and Spong, Donald A and Almagri, AF and Anderson, DT and Anderson, FSB and Ding, WX and Guttenfelder, W and Likin, KM and others},
  journal={Physical review letters},
  volume={103},
  number={2},
  pages={025003},
  year={2009},
  publisher={APS}
}


@article{erckmann1994electron,
  title={Electron cyclotron resonance heating and current drive in toroidal fusion plasmas},
  author={Erckmann, V and Gasparino, U},
  journal={Plasma physics and controlled fusion},
  volume={36},
  number={12},
  pages={1869},
  year={1994},
  publisher={IOP Publishing}
}

@inproceedings{likin2004electron,
  title={Electron Cyclotron Heating by X-wave in the HSX stellarator},
  author={Likin, KM and Abdou, A and Almagri, AF and Anderson, DT and Anderson, FSB and Canik, J and Deng, C and Domier, CW and Gerhardt, SP and Harvey, RW and others},
  booktitle={Proc. 13th Joint Workshop Electron Cyclotron Emission and Electron Cyclotron Heating},
  pages={204--2005},
  year={2004}
}


@article{weir2015ray,
  title={Ray tracing and ECRH absorption modeling in the HSX stellarator},
  author={Weir, GM and Likin, KM and Marushchenko, NB and Turkin, Y},
  journal={Nuclear Fusion},
  volume={55},
  number={11},
  pages={113011},
  year={2015},
  publisher={IOP Publishing}
}

@article{marushchenko2014ray,
  title={Ray-tracing code TRAVIS for ECR heating, EC current drive and ECE diagnostic},
  author={Marushchenko, Nikolai B and Turkin, Yu and Maa{\ss}berg, Henning},
  journal={Computer Physics Communications},
  volume={185},
  number={1},
  pages={165--176},
  year={2014},
  publisher={Elsevier}
}

% This preceded Bravenec and Wootton and discusses effect of sample volume, as well as a bunch of different ways to think about this and quantify wavenumber sensitivity with different models
@article{ross1991dispersion,
  title={Dispersion relations of density fluctuations observed by the heavy ion beam probe in TEXT},
  author={Ross, DW and Schoch, PM and Heard, JW and Crowley, TP and Hickok, RL},
  journal={Nuclear fusion},
  volume={31},
  number={7},
  pages={1355},
  year={1991},
  publisher={IOP Publishing}
}


@article{friis1944noise,
  title={Noise figures of radio receivers},
  author={Friis, Harald T},
  journal={Proceedings of the IRE},
  volume={32},
  number={7},
  pages={419--422},
  year={1944},
  publisher={IEEE}
}


@article{oberkampf2006measures,
  title={Measures of agreement between computation and experiment: validation metrics},
  author={Oberkampf, William L and Barone, Matthew F},
  journal={Journal of Computational Physics},
  volume={217},
  number={1},
  pages={5--36},
  year={2006},
  publisher={Elsevier}
}

@book{stix1992waves,
  title={Waves in plasmas},
  author={Stix, Thomas H},
  year={1992},
  publisher={Springer Science \& Business Media}
}


@article{morren2024influence,
  title={Influence of collisions on trapped-electron modes in tokamaks and low-shear stellarators},
  author={Morren, MCL and Proll, JHE and van Dijk, J and Pueschel, MJ},
  journal={arXiv preprint arXiv:2401.11937},
  year={2024}
}

@phdthesis{briesemeister2013measurement,
  title={Measurement and modeling of the flows and radial electric field in the HSX stellarator},
  author={Briesemeister, Alexis R},
  year={2013},
  school={The University of Wisconsin-Madison}
}


@article{rafiq2006dissipative,
  title={Dissipative trapped-electron instability in quasihelically symmetric stellarators},
  author={Rafiq, Tariq and Hegna, Chris C},
  journal={Physics of plasmas},
  volume={13},
  number={6},
  year={2006},
  publisher={AIP Publishing}
}


@book{guttenfelder2008measurements,
  title={Measurements and modeling of turbulent transport in the HSX stellarator},
  author={Guttenfelder, Walter Allen},
  year={2008}
}

@article{lawson1957some,
  title={Some criteria for a power producing thermonuclear reactor},
  author={Lawson, John D},
  journal={Proceedings of the physical society. Section B},
  volume={70},
  number={1},
  pages={6},
  year={1957},
  publisher={IOP Publishing}
}


@article{briesemeister2010flow,
  title={Flow velocity measurements using CHERS in the HSX stellarator},
  author={Briesemeister, A and Zhai, K and Anderson, DT and Anderson, FSB and Lore, J and Talmadge, JN},
  journal={Contributions to Plasma Physics},
  volume={50},
  number={8},
  pages={741--744},
  year={2010},
  publisher={Wiley Online Library}
}

@book{lore2010measurement,
  title={Measurement and transport modeling with momentum conservation of an electron internal transport barrier in HSX},
  author={Lore, Jeremy David},
  year={2010}
}

@article{talmadge2008experimental,
  title={Experimental tests of quasisymmetry in HSX},
  author={Talmadge, JN and Anderson, FSB and Anderson, DT and Deng, C and Guttenfelder, W and Likin, KM and Lore, J and Schmitt, JC and Zhai, K},
  journal={Plasma and Fusion Research},
  volume={3},
  pages={S1002--S1002},
  year={2008},
  publisher={The Japan Society of Plasma Science and Nuclear Fusion Research}
}


@techreport{boozer1981establishment,
  title={Establishment of magnetic coordinates for a given magnetic field},
  author={Boozer, Allen H},
  year={1981},
  institution={Princeton Plasma Physics Lab.(PPPL), Princeton, NJ (United States)}
}


@inproceedings{likin2003absorption,
  title={Absorption Of X-Wave At The Second Harmonic In HSX},
  author={Likin, KM and Talmadge, JN and Almagri, AF and Anderson, DT and Anderson, FS and Deng, C and Gerhardt, SP and Zhai, K},
  booktitle={AIP Conference Proceedings},
  volume={694},
  number={1},
  pages={331--334},
  year={2003},
  organization={American Institute of Physics}
}


@techreport{hirshman1983steepest,
  title={Steepest descent moment method for three-dimensional magnetohydrodynamic equilibria},
  author={Hirshman, Steven P and Whitson, JC},
  year={1983},
  institution={Oak Ridge National Lab.(ORNL), Oak Ridge, TN (United States)}
}


@article{pueschel2016stellarator,
  title={Stellarator turbulence: subdominant eigenmodes and quasilinear modeling},
  author={Pueschel, MJ and Faber, BJ and Citrin, J and Hegna, CC and Terry, PW and Hatch, DR},
  journal={Physical review letters},
  volume={116},
  number={8},
  pages={085001},
  year={2016},
  publisher={APS}
}

@article{jenko2000electron,
  title={Electron temperature gradient driven turbulence},
  author={Jenko, Frank and Dorland, W and Kotschenreuther, M and Rogers, BN},
  journal={Physics of plasmas},
  volume={7},
  number={5},
  pages={1904--1910},
  year={2000},
  publisher={American Institute of Physics}
}


@article{beer1995field,
  title={Field-aligned coordinates for nonlinear simulations of tokamak turbulence},
  author={Beer, Michael Alan and Cowley, SC and Hammett, GW},
  journal={Physics of Plasmas},
  volume={2},
  number={7},
  pages={2687--2700},
  year={1995},
  publisher={American Institute of Physics}
}

@article{brizard2007foundations,
  title={Foundations of nonlinear gyrokinetic theory},
  author={Brizard, Alain J and Hahm, Taik Soo},
  journal={Reviews of modern physics},
  volume={79},
  number={2},
  pages={421},
  year={2007},
  publisher={APS}
}

@article{horton1999drift,
  title={Drift waves and transport},
  author={Horton, W},
  journal={Reviews of Modern Physics},
  volume={71},
  number={3},
  pages={735},
  year={1999},
  publisher={APS}
}

@phdthesis{windisch2007intermittent,
  title={Intermittent events and structure propagation in plasma turbulence},
  author={Windisch, Thomas},
  year={2007}
}


@article{gmw2024ece,
  title={Electron cyclotron emission measurements and modeling in optically semi-transparent plasma on the HSX stellarator},
  author={Weir, GM and Likin, KM and Singh, L and Marushchenko, NB and Turkin Y},
  journal={Review of scientific instruments},
  year={In submission}
}

@article{dicke1946measurement,
  title={The measurement of thermal radiation at microwave frequencies},
  author={Dicke, Robert Henry},
  journal={Review of scientific instruments},
  volume={17},
  number={7},
  pages={268--275},
  year={1946},
  publisher={American Institute of Physics}
}


@article{landreman2012omnigenity,
  title={Omnigenity as generalized quasisymmetry},
  author={Landreman, Matt and Catto, Peter J},
  journal={Physics of Plasmas},
  volume={19},
  number={5},
  year={2012},
  publisher={AIP Publishing}
}


@article{canik2007experimental,
  title={Experimental demonstration of improved neoclassical transport with quasihelical symmetry},
  author={Canik, JM and Anderson, DT and Anderson, FSB and Likin, KM and Talmadge, JN and Zhai, K},
  journal={Physical review letters},
  volume={98},
  number={8},
  pages={085002},
  year={2007},
  publisher={APS}
}


@article{wootton1990fluctuations,
  title={Fluctuations and anomalous transport in tokamaks},
  author={Wootton, AJ and Carreras, BA and Matsumoto, H and McGuire, K and Peebles, WA and Ritz, Ch P and Terry, PW and Zweben, SJ},
  journal={Physics of Fluids B: Plasma Physics},
  volume={2},
  number={12},
  pages={2879--2903},
  year={1990},
  publisher={American Institute of Physics}
}

@book{Freidberg_2014, place={Cambridge}, title={Ideal MHD}, publisher={Cambridge University Press}, author={Freidberg, Jeffrey P.}, year={2014}} 

@article{tamm1961theory,
  title={Theory of a magnetic thermonuclear reactor (Part I)},
  author={Tamm, IE},
  journal={Plasma Physics and the Problem of Controlled Thermonuclear Reactions, Volume 1},
  volume={1},
  pages={1},
  year={1961}
}

@article{https://doi.org/10.1002/ctpp.200900057,
author = {Briesemeister, A. and Zhai, K. and Anderson, D. T. and Anderson, F.S. B. and Lore, J. and Talmadge, J. N.},
title = {Flow Velocity Measurements Using ChERS in the HSX Stellarator},
journal = {Contributions to Plasma Physics},
volume = {50},
number = {8},
pages = {741-744},
keywords = {HSX, quasihelical symmetry, quasisymmetry, flows, ChERS},
doi = {https://doi.org/10.1002/ctpp.200900057},
url = {https://onlinelibrary.wiley.com/doi/abs/10.1002/ctpp.200900057},
year = {2010}
}


@article{spong2005generation,
  title={Generation and damping of neoclassical plasma flows in stellarators},
  author={Spong, DA},
  journal={Physics of plasmas},
  volume={12},
  number={5},
  year={2005},
  publisher={AIP Publishing}
}


@article{anderson1995helically,
  title={The helically symmetric experiment,(HSX) goals, design and status},
  author={Anderson, F Simon B and Almagri, Abdulgader F and Anderson, David T and Matthews, Peter G and Talmadge, Joseph N and Shohet, J Leon},
  journal={Fusion Technology},
  volume={27},
  number={3T},
  pages={273--277},
  year={1995},
  publisher={Taylor \& Francis}
}

@article{neuner2021measurements,
  title={Measurements of the parameter dependencies of the bootstrap current in the W7-X stellarator},
  author={Neuner, U and Rahbarnia, K and Beidler, CD and Dinklage, A and Turkin, Y and Stange, T and Andreeva, T and Schilling, J and Thomsen, H and Beurskens, M and others},
  journal={Nuclear Fusion},
  volume={61},
  number={3},
  pages={036024},
  year={2021},
  publisher={IOP Publishing}
}


@article{gerhardt2005measurements,
  title={Measurements and modeling of plasma flow damping in the Helically Symmetric eXperiment},
  author={Gerhardt, Stefan P and Talmadge, Joseph N and Canik, John M and Anderson, David T},
  journal={Physics of plasmas},
  volume={12},
  number={5},
  year={2005},
  publisher={AIP Publishing}
}


@article{wolf2017major,
  title={Major results from the first plasma campaign of the Wendelstein 7-X stellarator},
  author={Wolf, RC and Ali, Anwaar and Alonso, Arturo and Baldzuhn, J{\"u}rgen and Beidler, Craig and Beurskens, Marc and Biedermann, C and Bosch, H-S and Bozhenkov, S and Brakel, Rudolf and others},
  journal={Nuclear Fusion},
  volume={57},
  number={10},
  pages={102020},
  year={2017},
  publisher={IOP Publishing}
}


@article{helander2009bootstrap,
  title={Bootstrap current and neoclassical transport in quasi-isodynamic stellarators},
  author={Helander, Per and N{\"u}hrenberg, J},
  journal={Plasma Physics and Controlled Fusion},
  volume={51},
  number={5},
  pages={055004},
  year={2009},
  publisher={IOP Publishing}
}

@article{landreman2011electric,
  title={Electric fields and transport in optimized stellarators},
  author={Landreman, M},
  year={2011},
  publisher={MIT Plasma Science and Fusion Center}
}


@techreport{hirshman1986plasma,
  title={Plasma transport coefficients for nonsymmetric toroidal confinement systems},
  author={Hirshman, SP and Shaing, KC and Van Rij, WI and Beasley Jr, CO and Crume Jr, EC},
  year={1986},
  institution={Oak Ridge National Lab.}
}

@article{Mercier_1964,
doi = {10.1088/0029-5515/4/3/008},
url = {https://dx.doi.org/10.1088/0029-5515/4/3/008},
year = {1964},
month = {sep},
publisher = {},
volume = {4},
number = {3},
pages = {213},
author = {Claude Mercier},
title = {Equilibrium and stability of a toroidal magnetohydrodynamic system in the neighbourhood of a magnetic axis},
journal = {Nuclear Fusion},
}

@article{bateman1973energy,
  title={Energy principle with specific inductance},
  author={Bateman, Glenn},
  journal={Nuclear Fusion},
  volume={13},
  number={2},
  pages={227},
  year={1973},
  publisher={IOP Publishing}
}

@article{mynick2006transport,
  title={Transport optimization in stellarators},
  author={Mynick, HE},
  journal={Physics of plasmas},
  volume={13},
  number={5},
  year={2006},
  publisher={AIP Publishing}
}


@article{ritz1989fluctuation,
  title={Fluctuation-induced energy flux in the tokamak edge},
  author={Ritz, Ch P and Bravenec, RV and Schoch, PM and Bengtson, Roger D and Boedo, JA and Forster, JC and Gentle, Kenneth W and He, Y and Hickok, RL and Kim, YJ and others},
  journal={Physical review letters},
  volume={62},
  number={16},
  pages={1844},
  year={1989},
  publisher={APS}
}

@article{KEEN197525,
title = {Relationship between the linear growth rate and the saturation amplitude for a collisional drift instability in a plasma},
journal = {Physics Letters A},
volume = {55},
number = {1},
pages = {25-26},
year = {1975},
issn = {0375-9601},
doi = {https://doi.org/10.1016/0375-9601(75)90380-1},
author = {B.E. Keen and M.W. Alcock},
}

@article{abel2013multiscale,
  title={Multiscale gyrokinetics for rotating tokamak plasmas: fluctuations, transport and energy flows},
  author={Abel, IG and Plunk, GG and Wang, E and Barnes, M and Cowley, SC and Dorland, W and Schekochihin, AA},
  journal={Reports on Progress in Physics},
  volume={76},
  number={11},
  pages={116201},
  year={2013},
  publisher={IOP Publishing}
}

@article{cabrera2023isotope,
  title={Isotope effects on energy transport in the core of ASDEX-Upgrade tokamak plasmas: Turbulence measurements and model validation},
  author={Cabrera, Molina and Rodriguez-Fernandez, P and G{\"o}rler, T and Bergmann, M and H{\"o}fler, K and Denk, SS and Bielajew, R and Conway, GD and Yoo, C and White, AE and others},
  journal={Physics of Plasmas},
  volume={30},
  number={8},
  year={2023},
  publisher={AIP Publishing}
}


% A good discussion of heating scheme and CECE effects
@article{hartfuss1996temperature,
  title={Temperature fluctuation measurements with ECE on W7-AS},
  author={Hartfuss, HJ and H{\"a}se, M and Watts, C and Hirsch, M and Geist, T and W7-AS Team and others},
  journal={Plasma Physics and Controlled Fusion},
  volume={38},
  number={12A},
  pages={A227},
  year={1996},
  publisher={IOP Publishing}
}


@phdthesis{alexis_thesis,
    author = {Alexis Briesemeister},
    title = {Measurement and Modeling of the Flows and Radial Electric Field in the HSX Stellarator},
    school = {Unversity of Wisconsin, Madison},
    year = {2013}
}

@masterthesis{anna-bs,
author={Anna M. Jacobs},
title={Properties of the synthetic CECE diagnostics for the HSX stellarator},
school = {Fontys University of Applied Sciences},
year = {2024},
type = {B.S. Thesis}
}

@masterthesis{matthijs-msc,
author={Matthijs Wezeman},
title={Turbulence in HSX core plasmas and gyrokinetics validation},
school = {Eindhoven University of Technology},
year = {2023},
type = {MSC Thesis}
}

@article{gerard2023optimizing,
  title={Optimizing the HSX stellarator for microinstability by coil-current adjustments},
  author={Gerard, MJ and Geiger, B and Pueschel, MJ and Bader, A and Hegna, CC and Faber, BJ and Terry, PW and Kumar, STA and Schmitt, JC},
  journal={Nuclear Fusion},
  volume={63},
  number={5},
  pages={056004},
  year={2023},
  publisher={IOP Publishing}
}

@article{rempel1994density,
  title={Density fluctuation effects on electron cyclotron emission correlation measurements in optically gray plasmas},
  author={Rempel, TD and Gandy, RF and Wootton, AJ},
  journal={Review of scientific instruments},
  volume={65},
  number={6},
  pages={2044--2048},
  year={1994},
  publisher={American Institute of Physics}
}

@article{creely2018correlation,
  title={Correlation electron cyclotron emission diagnostic and improved calculation of turbulent temperature fluctuation levels on ASDEX Upgrade},
  author={Creely, AJ and Freethy, SJ and Burke, WM and Conway, GD and Leccacorvi, R and Parkin, WC and Terry, DR and White, AE},
  journal={Review of Scientific Instruments},
  volume={89},
  number={5},
  year={2018},
  publisher={AIP Publishing}
}

@article{holland2009implementation,
  title={Implementation and application of two synthetic diagnostics for validating simulations of core tokamak turbulence},
  author={Holland, C and White, AE and McKee, GR and Shafer, MW and Candy, J and Waltz, RE and Schmitz, L and Tynan, GR},
  journal={Physics of Plasmas},
  volume={16},
  number={5},
  year={2009},
  publisher={AIP Publishing}
}

@article{mckinney2019comparison,
  title={A comparison of turbulent transport in a quasi-helical and a quasi-axisymmetric stellarator},
  author={McKinney, IJ and Pueschel, MJ and Faber, BJ and Hegna, CC and Talmadge, JN and Anderson, DT and Mynick, HE and Xanthopoulos, P},
  journal={Journal of Plasma Physics},
  volume={85},
  number={5},
  pages={905850503},
  year={2019},
  publisher={Cambridge University Press}
}

@article{proll2015tem,
  title={TEM turbulence optimisation in stellarators},
  author={Proll, JHE and Mynick, HE and Xanthopoulos, P and Lazerson, SA and Faber, BJ},
  journal={Plasma Physics and Controlled Fusion},
  volume={58},
  number={1},
  pages={014006},
  year={2015},
  publisher={IOP Publishing}
}

@article{plunk2017distinct,
  title={Distinct turbulence saturation regimes in stellarators},
  author={Plunk, GG and Xanthopoulos, P and Helander, P},
  journal={Physical Review Letters},
  volume={118},
  number={10},
  pages={105002},
  year={2017},
  publisher={APS}
}

@inproceedings{holland2008validating,
  title={Validating simulations of core tokamak turbulence: Current status and future directions},
  author={Holland, C and Candy, J and Waltz, RE and White, AE and McKee, GR and Shafer, MW and Schmitz, L and Tynan, GR},
  booktitle={Journal of Physics: Conference Series},
  volume={125},
  number={1},
  pages={012043},
  year={2008},
  organization={IOP Publishing}
}

@article{white2011feasibility,
  title={Feasibility study for a correlation electron cyclotron emission turbulence diagnostic based on nonlinear gyrokinetic simulations},
  author={White, AE and Howard, NT and Mikkelsen, DR and Greenwald, M and Candy, J and Waltz, RE},
  journal={Plasma Physics and Controlled Fusion},
  volume={53},
  number={11},
  pages={115003},
  year={2011},
  publisher={IOP Publishing}
}

@article{shats1995drift,
  title={Drift-wave-like density fluctuations in the Advanced Toroidal Facility (ATF) torsatron},
  author={Shats, MG and Harris, JH and Likin, KM and Wilgen, JB and Baylor, LR and Bell, JD and Ma, CH and Murakami, M and Sarksyan, KA and Aceto, SC and others},
  journal={Physics of Plasmas},
  volume={2},
  number={2},
  pages={398--413},
  year={1995},
  publisher={American Institute of Physics}
}

@article{guttenfelder2009edge,
  title={Edge turbulence measurements in electron-heated Helically Symmetric Experiment plasmas},
  author={Guttenfelder, W and Anderson, DT and Anderson, FSB and Canik, JM and Likin, KM and Talmadge, JN},
  journal={Physics of Plasmas},
  volume={16},
  number={8},
  year={2009},
  publisher={AIP Publishing}
}

% Ch. 1 References

@article{nuhrenberg1988quasi,
  title={Quasi-helically symmetric toroidal stellarators},
  author={N{\"u}hrenberg, J and Zille, R},
  journal={Physics Letters A},
  volume={129},
  number={2},
  pages={113--117},
  year={1988},
  publisher={Elsevier}
}

@article{mercier1964equilibrium,
  title={Equilibrium and stability of a toroidal magnetohydrodynamic system in the neighbourhood of a magnetic axis},
  author={Mercier, Claude},
  journal={Nuclear Fusion},
  volume={4},
  number={3},
  pages={213},
  year={1964},
  publisher={IOP Publishing}
}

@article{dinklage2007assessment,
  title={Assessment of global stellarator confinement: Status of the international stellarator confinement database},
  author={Dinklage, A and Ascasibar, E and Beidler, CD and Brakel, R and Geiger, J and Harris, JH and Kus, A and Murakami, S and Okamura, S and Preuss, R and others},
  journal={Fusion science and technology},
  volume={51},
  number={1},
  pages={1--7},
  year={2007},
  publisher={Taylor \& Francis}
}

@inproceedings{geiger2021expected,
  title={Expected performance of the upgraded HSX stellarator experiment},
  author={Geiger, Benedikt and Anderson, David and Kumar, Santhosh and Likin, Konstantin and Talmadge, Joseph and Thornton, Alexander and HSX Team and others},
  booktitle={APS Division of Plasma Physics Meeting Abstracts},
  volume={2021},
  pages={BO08--001},
  year={2021}
}

@book{d2012flux,
  title={Flux coordinates and magnetic field structure: a guide to a fundamental tool of plasma theory},
  author={D'haeseleer, William D and Hitchon, William NG and Callen, James D and Shohet, J Leon},
  year={2012},
  publisher={Springer Science \& Business Media}
}

@article{wilcox2016intrinsic,
  title={Intrinsic plasma rotation and Reynolds stress at the plasma edge in the HSX stellarator},
  author={Wilcox, Robert S and Talmadge, JN and Anderson, David T and Anderson, FSB and Lore, Jeremy D},
  journal={Nuclear Fusion},
  volume={56},
  number={3},
  pages={036002},
  year={2016},
  publisher={IOP Publishing}
}

@article{deng2015core,
  title={Core density turbulence in the HSX Stellarator},
  author={Deng, CB and Brower, DL and Anderson, DT and Anderson, FSB and Briesemeister, A and Likin, KM},
  journal={Nuclear Fusion},
  volume={55},
  number={12},
  pages={123003},
  year={2015},
  publisher={IOP Publishing}
}

@article{guttenfelder2008effect,
  title={Effect of quasihelical symmetry on trapped-electron mode transport in the HSX Stellarator},
  author={Guttenfelder, W and Lore, J and Anderson, DT and Anderson, FSB and Canik, JM and Dorland, W and Likin, KM and Talmadge, JN},
  journal={Physical review letters},
  volume={101},
  number={21},
  pages={215002},
  year={2008},
  publisher={APS}
}

@article{weir2015profile,
  title={Profile stiffness measurements in the helically symmetric experiment and comparison to nonlinear gyrokinetic calculations},
  author={Weir, GM and Faber, BJ and Likin, KM and Talmadge, JN and Anderson, DT and Anderson, FSB},
  journal={Physics of Plasmas},
  volume={22},
  number={5},
  pages={056107},
  year={2015},
  publisher={AIP Publishing LLC}
}

@article{lore2010internal,
  title={Internal electron transport barrier due to neoclassical ambipolarity in the Helically Symmetric Experiment},
  author={Lore, J and Guttenfelder, Walter and Briesemeister, Alexis and Anderson, DT and Anderson, FSB and Deng, CB and Likin, KM and Spong, DA and Talmadge, JN and Zhai, K},
  journal={Physics of Plasmas},
  volume={17},
  number={5},
  pages={056101},
  year={2010},
  publisher={American Institute of Physics}
}

@article{faber2015gyrokinetic,
  title={Gyrokinetic studies of trapped electron mode turbulence in the helically symmetric experiment stellarator},
  author={Faber, BJ and Pueschel, MJ and Proll, JHE and Xanthopoulos, P and Terry, PW and Hegna, CC and Weir, GM and Likin, KM and Talmadge, JN},
  journal={Physics of Plasmas},
  volume={22},
  number={7},
  pages={072305},
  year={2015},
  publisher={AIP Publishing LLC}
}

@article{faber2018stellarator,
  title={Stellarator microinstabilities and turbulence at low magnetic shear},
  author={Faber, BJ and Pueschel, MJ and Terry, PW and Hegna, CC and Roman, Jose E},
  journal={Journal of Plasma Physics},
  volume={84},
  number={5},
  year={2018},
  publisher={Cambridge University Press}
}

@book{smoniewski2021geometry,
  title={Geometry Dependence of TEM Turbulence in the HSX Stellarator and Comparison to Nonlinear Gyrokinetic Simulation},
  author={Smoniewski, Jason C},
  year={2021},
  publisher={The University of Wisconsin-Madison}
}

@article{white2019validation,
  title={Validation of nonlinear gyrokinetic transport models using turbulence measurements},
  author={White, AE},
  journal={Journal of Plasma Physics},
  volume={85},
  number={1},
  year={2019},
  publisher={Cambridge University Press}
}

@book{gerhardt2004measurements,
  title={Measurements and modeling of the plasma response to electrode biasing in the HSX stellarator},
  author={Gerhardt, Stefan P},
  year={2004},
  publisher={The University of Wisconsin-Madison}
}

@article{mynick2006transport,
  title={Transport optimization in stellarators},
  author={Mynick, HE},
  journal={Physics of plasmas},
  volume={13},
  number={5},
  pages={058102},
  year={2006},
  publisher={American Institute of Physics}
}

@article{hirshman1981neoclassical,
  title={Neoclassical transport of impurities in tokamak plasmas},
  author={Hirshman, SP and Sigmar, DJ},
  journal={Nuclear Fusion},
  volume={21},
  number={9},
  pages={1079},
  year={1981},
  publisher={IOP Publishing}
}

@article{jenko2000electron,
  title={Electron temperature gradient driven turbulence},
  author={Jenko, Frank and Dorland, W and Kotschenreuther, M and Rogers, BN},
  journal={Physics of plasmas},
  volume={7},
  number={5},
  pages={1904--1910},
  year={2000},
  publisher={American Institute of Physics}
}

@article{cima1995core,
  title={Core temperature fluctuations and related heat transport in the Texas Experimental Tokamak-Upgrade},
  author={Cima, G and Bravenec, RV and Wootton, AJ and Rempel, TD and Gandy, RF and Watts, C and Kwon, M},
  journal={Physics of Plasmas},
  volume={2},
  number={3},
  pages={720--726},
  year={1995},
  publisher={American Institute of Physics}
}

@article{sattler1994experimental,
  title={Experimental evidence for electron temperature fluctuations in the core plasma of the W7-AS stellarator},
  author={Sattler, S and Hartfuss, HJ},
  journal={Physical review letters},
  volume={72},
  number={5},
  pages={653},
  year={1994},
  publisher={APS}
}































@book{white-thesis,
  title={Experimental study of electron temperature fluctuations in the DIII-D tokamak},
  author={White, Anne Elisabeth},
  year={2008},
  publisher={University of California, Los Angeles}
}

@phdthesis{weir-thesis,
  title={Heat transport experiments on the HSX stellarator},
  author={Weir, Gavin McCabe},
  year={2014},
  school={The University of Wisconsin-Madison}
}

@article{weir-masters,
  title={THERMAL TRANSPORT BY HEAT PULSE PROPAGATION ON HSX: MOTIVATION, SIMULATION, AND EXPERIMENTAL PREPARATION},
  author={Weir, Gavin},
  year={2011}
}

@Book{ bekefi66,
author = { Bekefi, George. },
title = { Radiation processes in plasmas },
publisher = { Wiley New York },
pages = { xiii, 377 p. },
year = { 1966 },
type = { Book },
language = { English },
subjects = { Plasma (Ionized gases) },
life-dates = { 1966 -  },
catalogue-url = { https://nla.gov.au/nla.cat-vn527011 },
}

@article{merlo2018cross,
  title={Cross-verification of the global gyrokinetic codes GENE and XGC},
  author={Merlo, G and Dominski, J and Bhattacharjee, A and Chang, CS and Jenko, F and Ku, S and Lanti, E and Parker, S},
  journal={Physics of Plasmas},
  volume={25},
  number={6},
  pages={062308},
  year={2018},
  publisher={AIP Publishing LLC}
}

@article{freethy2018validation,
  title={Validation of gyrokinetic simulations with measurements of electron temperature fluctuations and density-temperature phase angles on ASDEX Upgrade},
  author={Freethy, SJ and G{\"o}rler, T and Creely, AJ and Conway, GD and Denk, SS and Happel, T and Koenen, C and Hennequin, Pascale and White, AE and ASDEX Upgrade Team},
  journal={Physics of Plasmas},
  volume={25},
  number={5},
  pages={055903},
  year={2018},
  publisher={AIP Publishing LLC}
}

@article{terry2008validation,
  title={Validation in fusion research: Towards guidelines and best practices},
  author={Terry, PW and Greenwald, M and Leboeuf, J-N and McKee, GR and Mikkelsen, DR and Nevins, WM and Newman, DE and Stotler, DP and Task Group on Verification and Validation and US Burning Plasma Organization and others},
  journal={Physics of Plasmas},
  volume={15},
  number={6},
  pages={062503},
  year={2008},
  publisher={American Institute of Physics}
}


@article{holland2016validation,
  title={Validation metrics for turbulent plasma transport},
  author={Holland, C},
  journal={Physics of Plasmas},
  volume={23},
  number={6},
  pages={060901},
  year={2016},
  publisher={AIP Publishing LLC}
}

@article{xanthopoulos2009geometry,
  title={A geometry interface for gyrokinetic microturbulence investigations in toroidal configurations},
  author={Xanthopoulos, Pavlos and Cooper, W Anthony and Jenko, Frank and Turkin, Yu and Runov, Alexey and Geiger, Joachim},
  journal={Physics of Plasmas},
  volume={16},
  number={8},
  pages={082303},
  year={2009},
  publisher={American Institute of Physics}
}

@article{reusch2014integrated,
  title={An integrated data analysis tool for improving measurements on the MST RFP},
  author={Reusch, LM and Galante, ME and Franz, P and Johnson, JR and McGarry, MB and Stephens, HD and Den Hartog, DJ},
  journal={Review of Scientific Instruments},
  volume={85},
  number={11},
  pages={11D844},
  year={2014},
  publisher={American Institute of Physics}
}

@book{white2008experimental,
  title={Experimental study of electron temperature fluctuations in the DIII-D tokamak},
  author={White, Anne Elisabeth},
  year={2008},
  publisher={University of California, Los Angeles}
}

@article{spong2005generation,
  title={Generation and damping of neoclassical plasma flows in stellarators},
  author={Spong, DA},
  journal={Physics of plasmas},
  volume={12},
  number={5},
  pages={056114},
  year={2005},
  publisher={American Institute of Physics}
}

@book{litvak1992high,
  title={High-frequency plasma heating},
  author={Litvak, AG},
  year={1992},
  publisher={Springer}
}

@article{johnson1927thermal,
  title={Thermal agitation of electricity in conductors},
  author={Johnson, John B},
  journal={Nature},
  volume={119},
  number={2984},
  pages={50--51},
  year={1927},
  publisher={Nature Publishing Group}
}

@article{nyquist1928thermal,
  title={Thermal agitation of electric charge in conductors},
  author={Nyquist, Harry},
  journal={Physical review},
  volume={32},
  number={1},
  pages={110},
  year={1928},
  publisher={APS}
}

@misc{bendat2000random,
  title={Random data analysis and measurement procedures},
  author={Bendat, Julius S and Piersol, Allan G},
  year={2000},
  publisher={IOP Publishing}
}

@misc{mjg_temopt,
  author = "Gerard, MJ",
  howpublished = "private communication"
}

@misc{gorler_genehelp,
  author = "Görler, T",
  howpublished = "private communication"
}

@misc{schmitt_wellhelp,
  author = "Schmitt, JC",
  howpublished = "private communication"
}

@misc{ben_tsims,
  author = "Faber, BJ",
  howpublished = "private communication"
}

@article{fischer2004integrated,
  title={Integrated data analysis of fusion diagnostics by means of the Bayesian probability theory},
  author={Fischer, R and Dinklage, A},
  journal={Review of scientific instruments},
  volume={75},
  number={10},
  pages={4237--4239},
  year={2004},
  publisher={American Institute of Physics}
}

@inproceedings{hofler2021comprehensive,
  title={Comprehensive experimental turbulence measurements for scale-resolved multichannel gyrokinetic code validation},
  author={H{\"o}fler, Klara and G{\"o}rler, Tobias and Happel, Tim and Hennequin, Pascale and Molina Cabrera, Pedro and Bergmann, Michael and Bielajew, Rachel and Conway, Garrard and David, Pierre and Fischer, Rainer and others},
  booktitle={APS Division of Plasma Physics Meeting Abstracts},
  volume={2021},
  pages={ZO08--010},
  year={2021}
}

@article{bravenec_wootton_spatial,
    author = {Bravenec, R. V. and Wootton, A. J.},
    title = "{Effects of limited spatial resolution on fluctuation measurements (invited)}",
    journal = {Review of Scientific Instruments},
    volume = {66},
    number = {1},
    pages = {802-805},
    year = {1995},
    month = {01}
}
    %issn = {0034-6748},
    doi = {10.1063/1.1146226},
    url = {https://doi.org/10.1063/1.1146226},
    %eprint = {https://pubs.aip.org/aip/rsi/article-pdf/66/1/802/8807913/802\_1\_online.pdf},
}
